@article{jha2020iotsim,
  title={IoTSim-Edge: a simulation framework for modeling the behavior of Internet of Things and edge computing environments},
  author={Jha, Devki Nandan and Alwasel, Khaled and Alshoshan, Areeb and Huang, Xianghua and Naha, Ranesh Kumar and Battula, Sudheer Kumar and Garg, Saurabh and Puthal, Deepak and James, Philip and Zomaya, Albert and others},
  journal={Software: Practice and Experience},
  volume={50},
  number={6},
  pages={844--867},
  year={2020},
  publisher={Wiley Online Library}
}

@article{swamy2020empirical,
  title={An empirical study on system level aspects of Internet of Things (IoT)},
  author={Swamy, S Narasimha and Kota, Solomon Raju},
  journal={IEEE Access},
  volume={8},
  pages={188082--188134},
  year={2020},
  publisher={IEEE}
}

@article{carpio2022benchfaas,
  title={BenchFaaS: Benchmarking Serverless Functions in an Edge Computing Network Testbed},
  author={Carpio, Francisco and Michalke, Marc and Jukan, Admela},
  journal={IEEE Network},
  year={2022},
  publisher={IEEE}
}

@inproceedings{gheorghe2020performance,
  title={A performance benchmarking methodology for MQTT broker implementations},
  author={Gheorghe-Pop, Ilie-Daniel and Kaiser, Alexander and Rennoch, Axel and Hackel, Sascha},
  booktitle={2020 IEEE 20th International Conference on Software Quality, Reliability and Security Companion (QRS-C)},
  pages={506--513},
  year={2020},
  organization={IEEE}
}

@inproceedings{herrnleben2021combench,
  title={Combench: A benchmarking framework for publish/subscribe communication protocols under network limitations},
  author={Herrnleben, Stefan and Leidinger, Maximilian and Lesch, Veronika and Prantl, Thomas and Grohmann, Johannes and Krupitzer, Christian and Kounev, Samuel},
  booktitle={Performance Evaluation Methodologies and Tools: 14th EAI International Conference, VALUETOOLS 2021, Virtual Event, October 30--31, 2021, Proceedings},
  pages={72--92},
  year={2021},
  organization={Springer}
}
@ARTICLE{9090208,
  author={Al-Masri, Eyhab and Kalyanam, Karan Raj and Batts, John and Kim, Jonathan and Singh, Sharanjit and Vo, Tammy and Yan, Charlotte},
  journal={IEEE Access}, 
  title={Investigating Messaging Protocols for the Internet of Things (IoT)}, 
  year={2020},
  volume={8},
  number={},
  pages={94880-94911},
  doi={10.1109/ACCESS.2020.2993363}}

  @inproceedings{mishra2018performance,
  title={Performance evaluation of MQTT broker servers},
  author={Mishra, Biswajeeban},
  booktitle={Computational Science and Its Applications--ICCSA 2018: 18th International Conference, Melbourne, VIC, Australia, July 2--5, 2018, Proceedings, Part IV 18},
  pages={599--609},
  year={2018},
  organization={Springer}
}

@INPROCEEDINGS{8783166,
  author={de Oliveira, Davi L. and da S. Veloso, Artur F. and Sobral, José V. V. and Rabêlo, Ricardo A. L. and Rodrigues, Joel J. P. C. and Solic, Petar},
  booktitle={2019 4th International Conference on Smart and Sustainable Technologies (SpliTech)}, 
  title={Performance Evaluation of MQTT Brokers in the Internet of Things for Smart Cities}, 
  year={2019},
  volume={},
  number={},
  pages={1-6},
  doi={10.23919/SpliTech.2019.8783166}
  }

@article{mishra2021stress,
  title={Stress-testing MQTT brokers: A comparative analysis of performance measurements},
  author={Mishra, Biswajeeban and Mishra, Biswaranjan and Kertesz, Attila},
  journal={Energies},
  volume={14},
  number={18},
  pages={5817},
  year={2021},
  publisher={MDPI}
}

@inproceedings{koziolek2020comparison,
  title={A comparison of MQTT brokers for distributed IoT edge computing},
  author={Koziolek, Heiko and Gr{\"u}ner, Sten and R{\"u}ckert, Julius},
  booktitle={Software Architecture: 14th European Conference, ECSA 2020, L'Aquila, Italy, September 14--18, 2020, Proceedings 14},
  pages={352--368},
  year={2020},
  organization={Springer}
}

@inproceedings{charyyev2020latency,
  title={Latency comparison of cloud datacenters and edge servers},
  author={Charyyev, Batyr and Arslan, Engin and Gunes, Mehmet Hadi},
  booktitle={GLOBECOM 2020-2020 IEEE Global Communications Conference},
  pages={1--6},
  year={2020},
  organization={IEEE}
}

@incollection{jukan2023lab,
  title={Lab 2—Connecting IoT and Edge with MQTT},
  author={Jukan, Admela and Masip-Bruin, Xavi and Dizdarevi{\'c}, Jasenka and Carpio, Francisco},
  booktitle={Network of Things Engineering (NoTE) Lab},
  pages={73--95},
  year={2023},
  publisher={Springer}
}

@article{mishra2020use,
  title={The use of MQTT in M2M and IoT systems: A survey},
  author={Mishra, Biswajeeban and Kertesz, Attila},
  journal={IEEE Access},
  volume={8},
  pages={201071--201086},
  year={2020},
  publisher={IEEE}
}