@misc{nguyen2025accuratecropyieldestimation,
  title         = {Accurate Crop Yield Estimation of Blueberries using Deep Learning and Smart Drones},
  author        = {Hieu D. Nguyen and Brandon McHenry and Thanh Nguyen and Harper Zappone and Anthony Thompson and Chau Tran and Anthony Segrest and Luke Tonon},
  year          = {2025},
  eprint        = {2501.02344},
  archiveprefix = {arXiv},
  primaryclass  = {cs.CV},
  url           = {https://arxiv.org/abs/2501.02344}
}
@misc{shehzad2020networkfootprintreplicationpopular,
  title         = {The network footprint of replication in popular DBMSs},
  author        = {Muhammad Karam Shehzad and Jam Muhammad Yousif and Muhammad Saqib Ilyas and Adnan Iqbal},
  year          = {2020},
  eprint        = {2008.05164},
  archiveprefix = {arXiv},
  primaryclass  = {cs.DB},
  url           = {https://arxiv.org/abs/2008.05164}
}
@misc{dizdarevic2023engineeringexperimentallybenchmarkingopen,
  title         = {Engineering and Experimentally Benchmarking Open Source MQTT Broker Implementations},
  author        = {Jasenka Dizdarevic and Marc Michalke and Admela Jukan},
  year          = {2023},
  eprint        = {2305.13893},
  archiveprefix = {arXiv},
  primaryclass  = {cs.NI},
  url           = {https://arxiv.org/abs/2305.13893}
}
@book{Zhu2017,
  author    = {朱少民},
  title     = {软件测试方法和技术},
  publisher = {清华大学出版社},
  year      = {2017},
  address   = {北京},
  pages     = {71--75}
}
@article{Xu2020,
  author         = {许玉韫 and 张龙耀},
  title          = {农业供应链金融的数字化转型:理论与中国案例},
  journal        = {农业经济问题},
  year           = {2020},
  volume         = {4},
  pages          = {72--81},
  keywords       = {农业供应链, 供应链金融, 数字金融, 电商平台},
  institution    = {南京农业大学金融学院, 南京 210095},
  classification = {F323}
}
@article{厍雯轩-2024,
  author       = {厍雯轩},
  title        = { MySQL数据库主从复制原理及常见故障介绍 },
  organization = {民航气象中心 北京 100015},
  journal      = {科学与信息化},
  year         = {2024},
  volume       = {},
  number       = {2},
  pages        = {64--66},
  month        = {1}
}
@article{Shan2021,
  author         = {单树倩 and 任佳勋},
  title          = {基于SpringBoot和Vue框架的数据库原理网站设计与实现},
  journal        = {电脑知识与技术},
  year           = {2021},
  volume         = {30},
  pages          = {40--41, 50},
  keywords       = {数据库原理, 网站, SpringBoot, Vue, SQL Server},
  institution    = {华北电力大学科技学院, 河北保定 071051; 天津立中车轮实业集团有限公司, 天津 300457},
  classification = {TP311.1}
}
@article{Qiu2021,
  author         = {邱璐璐 and 陈俊仁},
  title          = {基于SpringBoot和Vue框架的高校代领系统设计与实现},
  journal        = {信息技术与信息化},
  year           = {2021},
  volume         = {4},
  pages          = {25--27},
  keywords       = {高校代领, Spring Boot, Vue, MYSQL},
  institution    = {厦门大学嘉庚学院, 福建漳州 363105},
  classification = {TP311.52}
}
@article{Liu2023-yolov8,
  author         = {刘瑞锦 and 何章鸣},
  title          = {基于YOLOv8的卫星遥感图像快速目标检测方法},
  journal        = {空间控制技术与应用},
  year           = {2023},
  volume         = {5},
  pages          = {89--97},
  keywords       = {飞行器图像, 卫星数据, 卷积神经网络, YOLOv8, 快速目标检测},
  institution    = {国防科技大学, 长沙 410072},
  classification = {TP39}
}
@book{MySQL-Liu2022,
  author    = {刘遵庆 and 凡新雷 and 邹勇},
  title     = {MySQL DBA 精英实战课：全彩},
  publisher = {电子工业出版社},
  year      = {2022},
  address   = {北京},
  isbn      = {9787121436055},
  language  = {中文}
}
@article{Lin2019,
  author         = {林健巍},
  title          = {YOLO图像检测技术综述},
  journal        = {福建电脑},
  year           = {2019},
  volume         = {9},
  pages          = {80--83},
  keywords       = {人工智能, 图像检测, YOLO, 卷积层},
  institution    = {福州大学物理与信息工程学院; 福建省立医院信息管理中心},
  classification = {TP391}
}
@online{Spring-Boot-概述,
  author  = {Phillip Webb},
  title   = {Spring Boot 概述},
  year    = 2024,
  url     = {https://docs.spring.io/spring-boot/index.html},
  urldate = {2024-03-21}
}
@online{Spring-框架概述,
  author  = {Rob Winch and Rossen Stoyanchev},
  title   = {Spring 框架概述},
  year    = 2024,
  url     = {https://docs.spring.io/spring-framework/reference/overview.html},
  urldate = {2024-09-26}
}
@online{EMQX-Gateway,
  author  = {JianBo He},
  title   = {EMQX 5.0 全新网关框架：轻松实现多物联网协议接入},
  year    = 2022,
  url     = {https://www.emqx.com/zh/blog/emqx-connects-multiple-iot-protocols},
  urldate = {2022-09-07}
}
@online{Spring-Security-架构设计,
  author  = {Josh Cummings},
  title   = {Spring Security 架构设计},
  year    = 2024,
  url     = {https://docs.spring.io/spring-security/reference/servlet/architecture.html},
  urldate = {2024-11-19}
}
@mastersthesis{李娜2023基于云边协同计算的粉料仓自称重系统的设计与实现,
  author  = {李娜},
  title   = { 基于云边协同计算的粉料仓自称重系统的设计与实现 },
  school  = {太原科技大学},
  address = {太原},
  year    = {2023},
  type    = {硕士论文},
  month   = {}
}
@article{Ni2024,
  author  = {倪勤越 and 吕军 and 罗均毅 and 杨治宇},
  title   = {基于边缘计算的超市水果智能电子秤},
  journal = {建模与仿真},
  year    = {2024},
  volume  = {13},
  number  = {3},
  pages   = {3745--3753}
}
@article{Liang2020,
  author         = {梁志勋 and 施运应 and 覃有燎 and 王之兴},
  title          = {基于MQTT协议的智慧农业大棚测控系统研究},
  journal        = {北方园艺},
  volume         = {23},
  year           = {2020},
  pages          = {161--171},
  keywords       = {智慧农业大棚, MQTT协议, 阿里云物联网平台, ESP8266, 实时监测},
  institution    = {河池学院计算机与信息工程学院, 广西河池 546300; 桂林电子科技大学电子工程与自动化学院, 广西桂林 541004; 桂林电子科技大学广西自动检测技术与仪器重点实验室, 广西桂林 541004; 深圳市致趣科技有限公司, 广东深圳 518000},
  classification = {TP212}
}
@article{Jia2015,
  author  = {贾军营},
  title   = {基于MQTT协议IM的研究和实现},
  journal = {计算机系统应用},
  year    = {2015},
  number  = {7},
  pages   = {9--14}
}
@article{Zhao2016,
  title   = {大型设备监控系统通信协议},
  author  = {赵炯},
  journal = {计算机系统应用},
  year    = {2016},
  number  = {5},
  pages   = {173--176}
}
@book{叶俊民2006软件工程,
  title     = {软件工程},
  author    = {叶俊民},
  year      = {2006},
  publisher = {清华大学出版社有限公司},
  address   = {北京},
}
@book{苗雪兰2001数据库系统原理及应用教程,
  title     = {数据库系统原理及应用教程},
  author    = {苗雪兰 and 刘瑞新 and 王怀峰},
  volume    = {2},
  number    = {0},
  year      = {2001},
  publisher = {机械工业出版社},
  address   = {北京},
}
@article{汤建华2018,
  title   = {称重传感器在精准农业装备中的应用研究综述},
  author  = {汤建华 and 陈树人 and 花银群 and 杨继昌},
  journal = {Journal of Jiangsu University (Natural Science Edition)/Jiangsu Daxue Xuebao (Ziran Kexue Ban)},
  volume  = {39},
  number  = {5},
  year    = {2018},
  pages   = {543--549}
}
@article{Ningbo2019,
  author   = {宁波柯力},
  title    = {宁波柯力传感科技股份有限公司IPO上会并过会},
  journal  = {传感器世界},
  volume   = {25},
  number   = {6},
  year     = {2019},
  pages    = {34--34},
  keywords = {力传感, 科技股, 宁波, IPO, 称重设备, 销售企业, 物联网, 数据中心}
}
@article{Gao2023,
  author      = {高群 and 张倩 and 李明丽 and 王延书 and 车升国 and 高文胜},
  title       = {山东省现代化果园物联网技术应用初探},
  journal     = {中国果树},
  volume      = {7},
  year        = {2023},
  pages       = {102--106},
  keywords    = {山东, 果园, 物联网, 高质量发展},
  institution = {山东开放大学, 济南250000; 济南市口岸物流事业发展中心; 山东省农业技术推广中心; 临沂市农业技术推广中心; 菏泽市林业技术服务中心}
}
@inproceedings{Zhu2013,
  author    = {Zhu Weixing and Huang Peng and Shen Fangxia},
  title     = {Remote Assessment of Fruit Quality Based on Embedded Technology},
  booktitle = {International Conference on Machinery Electronics and Control Engineering},
  year      = {2013}
}
@article{Graaf2004,
  author  = {Graaf R de and Gelder A de and Blok C},
  title   = {Advanced weighing equipment for water, crop growth and climate control management},
  journal = {Acta Horticulturae},
  volume  = {664},
  year    = {2004},
  pages   = {163--167}
}
@article{Phate2021,
  author  = {Vikas R. Phate and R. Malmathanraj and P. Palanisamy},
  title   = {Classification and Indirect Weighing of Sweet Lime Fruit through Machine Learning and Meta-heuristic Approach},
  journal = {International Journal of Fruit Science},
  volume  = {1},
  year    = {2021},
  pages   = {528--545}
}
@article{Yin2020,
  author  = {尹国伟},
  title   = {德国农业农村数字化做法及进展},
  journal = {农业展望},
  volume  = {11},
  year    = {2020},
  pages   = {78--83}
}
@article{Anisha2019FruitRU,
  title   = {Fruit Recognition using Image Processing},
  author  = {Ms. Anisha and M Nayak and Mr. Manjesh},
  journal = {International journal of engineering research and technology},
  year    = {2019},
  volume  = {7},
  url     = {https://api.semanticscholar.org/CorpusID:198328784}
}
@inproceedings{Ampatzidis2011,
  author    = {Ampatzidis, Yiannis and Pierce, Fran and Whiting, Matthew},
  year      = {2011},
  month     = {09},
  pages     = {},
  title     = {Portable Weighing System for Determining Harvest Efficiency},
  publisher = {ASHS},
  booktitle = {Proceedings of the 2011 ASHS Annual Conference},
}
@article{陈学庚2020农业机械与信息技术融合发展现状与方向,
  title   = {农业机械与信息技术融合发展现状与方向},
  author  = {陈学庚 and 温浩军 and 张伟荣 and 潘佛雏 and 赵岩},
  journal = {智慧农业},
  volume  = {2},
  number  = {4},
  pages   = {1},
  year    = {2020}
}
@article{刘洋2013基于物联网与云计算服务的农业温室智能化平台研究与应用术,
  title   = {基于物联网与云计算服务的农业温室智能化平台研究与应用术},
  author  = {刘洋 and 张钢 and 韩璐},
  journal = {计算机应用研究},
  volume  = {30},
  number  = {1},
  year    = {2013},
  pages   = {3331–3335}
}
@article{韩佳伟2022装备与信息协同促进现代智慧农业发展研究,
  title   = {装备与信息协同促进现代智慧农业发展研究},
  author  = {韩佳伟 and 朱文颖 and 张博 and 赵春江 and 杨信廷},
  journal = {中国工程科学},
  volume  = {24},
  number  = {1},
  pages   = {55--63},
  year    = {2022}
}
@article{赵春江2021智慧农业的发展现状与未来展望,
  title   = {智慧农业的发展现状与未来展望},
  author  = {赵春江},
  journal = {华南农业大学学报},
  volume  = {42},
  number  = {6},
  pages   = {1--7},
  year    = {2021}
}
@article{李道亮2012物联网与智慧农业,
  title   = {物联网与智慧农业},
  author  = {李道亮},
  journal = {农业工程},
  volume  = {1},
  number  = {3},
  year    = {2012},
  pages   = {1--7}
}
@article{罗锡文2016信息技术提升农业机械化水平,
  title   = {信息技术提升农业机械化水平},
  author  = {罗锡文 and 廖娟 and 邹湘军 and 张智刚 and 周志艳 and 臧英 and 胡炼},
  journal = {Transactions of the Chinese Society of Agricultural Engineering},
  volume  = {32},
  number  = {20},
  year    = {2016},
  pages   = {1--14}
}
@article{翁杨2019基于深度学习的农业植物表型研究综述,
  title   = {基于深度学习的农业植物表型研究综述},
  author  = {翁杨 and 曾睿 and 吴陈铭 and 王猛 and 王秀杰 and 刘永进},
  journal = {中国科学: 生命科学},
  volume  = {49},
  number  = {6},
  pages   = {698--716},
  year    = {2019}
}
@article{Lipcsei2021AnalysisOA,
  title   = {Analysis of average market and purchase prices for certain fruit species},
  author  = {J{\'o}zsef Lipcsei},
  journal = {Studia Mundi - Economica},
  year    = {2021},
  url     = {https://api.semanticscholar.org/CorpusID:246367827}
}
@article{Ji2019,
  author  = {纪娜},
  title   = {基于PLC和MCGS的猕猴桃果实称重分级控制器设计},
  journal = {自动化技术与应用},
  volume  = {6},
  year    = {2019},
  pages   = {20--23}
}
@inproceedings{Jiang2012,
  author    = {Junsheng Jiang and Jian Song and Xueyan Sun},
  title     = {Monitoring System of Weighing Fruit Grader Based on Labwindows/CVl},
  booktitle = {International Conference on Materials Science and Information Technology},
  year      = {2012}
}
@article{Chen2002,
  author  = {陈燕飞 and 张民},
  title   = {称重管理系统设计},
  journal = {中国计量},
  volume  = {11},
  year    = {2002},
  pages   = {48--49}
}
@article{Widagdo2020RecordingSO,
  title   = {Recording System of Weighing Results Using Load Cell Sensors Through a Database Based on Arduino Uno},
  author  = {Dhanneswara Yoga Widagdo},
  journal = {Jurnal Jartel: Jurnal Jaringan Telekomunikasi},
  year    = {2020},
  url     = {https://api.semanticscholar.org/CorpusID:238103498}
}